@inbook{weh-ch3,

author = "{Burton, T. and Jenkins, J. and Sharpe, D. and Bossanyi, E.}",
publisher = "{John Wiley \& Sons, Ltd}",
isbn = {9781119992714},
title = {Aerodynamics of Horizontal Axis Wind Turbines},
booktitle = {Wind Energy Handbook},
chapter = {3},
pages = {39-136},
year = {2011},
doi = {https://doi.org/10.1002/9781119992714.ch3},
url = {https://onlinelibrary.wiley.com/doi/abs/10.1002/9781119992714.ch3},
eprint = {https://onlinelibrary.wiley.com/doi/pdf/10.1002/9781119992714.ch3},
year = {},
keywords = {Aerodynamics of horizontal axis wind turbines, Vortex cylinder model of the actuator disc, Rotor blade theory (blade-element/momentum theory), Modification of rotor thrust caused by flow separation, Comparison of measured with theoretical performance, National Renewable Energy Laboratory (NREL), Solar Energy Research Institute (SERI), National Wind Technology Center (NWTC)},
abstract = {Summary This chapter contains sections titled: Introduction The actuator disc concept Rotor disc theory Vortex cylinder model of the actuator disc Rotor blade theory (blade-element/momentum theory) Breakdown of the momentum theory Blade geometry The effects of a discrete number of blades Stall delay Calculated results for an actual turbine The performance curves Constant rotational speed operation Pitch regulation Comparison of measured with theoretical performance Variable speed operation Estimation of energy capture Wind turbine aerofoil design References Websites Further reading Appendix A3 lift and drag of aerofoils Definition of drag Drag coefficient The boundary layer Boundary layer separation Laminar and turbulent boundary layers Definition of lift and its relationship to circulation The stalled aerofoil The lift coefficient Aerofoil drag characteristics Cambered aerofoils}
}